@Book{Novatec,
  Author         = {A S Perucia},
  Title          = {Desenvolvimento de Jogos Eletronicos - Teoria e Pratica},
  Publisher      = {Novatec Editora.},
  year           = {2007},
}

@Book{Marconi,
  Author         = {M A Maroni and E M Lakatos},
  Title          = {Metodologia do Trabalho Cientifico},
  Address        = {São Paulo},
  Publisher      = {Editora Atlas S.A.},
  year           = {1996},
}

@ARTICLE{Site,
  Editor         = {http://geocities.yahoo.com.br/momentoscomjesuss/conhecimento.html},
  Title          = {A Necessidade do Conhecimento},
  year           = {2004},
}

@ARTICLE{CppDoc,
  Author         = {B Stroustrup},
  Editor         = {http://www.stroustrup.com/C++.html},
  Title          = {The C++ Programming Language},
  year           = {2014},
}

@ARTICLE{AllegroDoc,
  Editor         = {http://alleg.sourceforge.net/docs.html},
  Title          = {ALLEGRO - a game programming library docs},
  year           = {},
}

@ARTICLE{SiteTiled,
  Editor         = {http://www.mapeditor.org/},
  Title          = {Editor de mapas: Tiled},
  year           = {2013},
}

@ARTICLE{TiledTutorial,
  Author         = {N Brunner},
  Editor         = {http://gamedevelopment.tutsplus.com/tutorials/introduction-to-tiled-map-editor--gamedev-2838},
  Title          = {Introduction to Tiled Map Editor: A Great, Platform-Agnostic Tool for Making Level Maps},
  year           = {2012},
}

@ARTICLE{TinyXMLTutorial,
  Author         = {R. Rodrigues},
  Editor         = {http://paginas.fe.up.pt/~aas/pub/Aulas/LAS/Ano10_11/Slides/TinyXML.pdf},
  Title          = {Notas sobre TinyXML},
  year           = {2010},
}


